@book{rudin1987real,
  author    = {Walter Rudin},
  title     = {Real and Complex Analysis},
  year      = {1987},
  publisher = {McGraw-Hill},
}

@book{cover2006elements,
  author    = {Thomas M. Cover and Joy A. Thomas},
  title     = {Elements of Information Theory},
  year      = {2006},
  publisher = {Wiley},
}